@book{Arendt1951,
  title={The Origins of Totalitarianism},
  author={Arendt, Hannah},
  year={1951},
  publisher={Harcourt Brace Jovanovich}
}

@book{Bateson1972,
  title={Steps to an Ecology of Mind: Collected Essays in Anthropology, Psychiatry, Evolution, and Epistemology},
  author={Bateson, Gregory},
  year={1972},
  publisher={Chandler Publishing Company}
}

@book{BergerLuckmann1966,
  title={The Social Construction of Reality: A Treatise in the Sociology of Knowledge},
  author={Berger, Peter L. and Luckmann, Thomas},
  year={1966},
  publisher={Anchor Books}
}

@book{Bourdieu1977,
  title={Outline of a Theory of Practice},
  author={Bourdieu, Pierre},
  year={1977},
  translator={Richard Nice},
  publisher={Cambridge University Press}
}

@book{Bourdieu1984,
  title={Distinction: A Social Critique of the Judgement of Taste},
  author={Bourdieu, Pierre},
  year={1984},
  translator={Richard Nice},
  publisher={Harvard University Press}
}

@book{Bourdieu1990,
  title={The Logic of Practice},
  author={Bourdieu, Pierre},
  year={1990},
  translator={Richard Nice},
  publisher={Stanford University Press}
}

@book{Castells2000,
  title={The Rise of the Network Society},
  author={Castells, Manuel},
  volume={1},
  year={2000},
  edition={2nd},
  publisher={Blackwell Publishers}
}

@book{Dawkins1976,
  title={The Selfish Gene},
  author={Dawkins, Richard},
  year={1976},
  publisher={Oxford University Press}
}

@book{DenzinLincoln2011,
  editor={Denzin, Norman K. and Lincoln, Yvonna S.},
  title={The Sage Handbook of Qualitative Research},
  year={2011},
  edition={4th},
  publisher={Sage Publications}
}

@book{Festinger1956,
  title={When Prophecy Fails: A Social and Psychological Study of a Modern Group That Predicted the Destruction of the World},
  author={Festinger, Leon and Riecken, Henry W. and Schachter, Stanley},
  year={1956},
  publisher={University of Minnesota Press}
}

@book{Foucault1970,
  title={The Order of Things: An Archaeology of the Human Sciences},
  author={Foucault, Michel},
  year={1970},
  publisher={Pantheon Books}
}

@book{Foucault1972,
  title={The Archaeology of Knowledge \& The Discourse on Language},
  author={Foucault, Michel},
  year={1972},
  translator={A. M. Sheridan Smith},
  publisher={Pantheon Books}
}

@book{Geertz1973,
  title={The Interpretation of Cultures: Selected Essays},
  author={Geertz, Clifford},
  year={1973},
  publisher={Basic Books}
}

@book{Giddens1984,
  title={The Constitution of Society: Outline of the Theory of Structuration},
  author={Giddens, Anthony},
  year={1984},
  publisher={Polity Press}
}

@book{Goffman1959,
  title={The Presentation of Self in Everyday Life},
  author={Goffman, Erving},
  year={1959},
  publisher={Anchor Books}
}

@book{Heidegger1962,
  title={Being and Time},
  author={Heidegger, Martin},
  year={1962},
  translator={John Macquarrie and Edward Robinson},
  publisher={Harper \& Row}
}

@book{Hofstadter1979,
  title={G{\"o}del, Escher, Bach: An Eternal Golden Braid},
  author={Hofstadter, Douglas R.},
  year={1979},
  publisher={Basic Books}
}

@book{Kuhn1962,
  title={The Structure of Scientific Revolutions},
  author={Kuhn, Thomas S.},
  year={1962},
  publisher={University of Chicago Press}
}

@book{Lacan2006,
  title={{\'E}crits: The First Complete Edition in English},
  author={Lacan, Jacques},
  year={2006},
  translator={Bruce Fink},
  publisher={W. W. Norton \& Company}
}

@book{LeviStrauss1969,
  title={The Elementary Structures of Kinship},
  author={L{\'e}vi-Strauss, Claude},
  year={1969},
  publisher={Beacon Press}
}

@book{Luhmann1995,
  title={Social Systems},
  author={Luhmann, Niklas},
  year={1995},
  translator={John Bednarz, Jr. with Dirk Baecker},
  publisher={Stanford University Press}
}

@book{Parsons1951,
  title={The Social System},
  author={Parsons, Talcott},
  year={1951},
  publisher={Free Press}
}

@book{Prigogine1984,
  title={Order Out of Chaos: Man's New Dialogue with Nature},
  author={Prigogine, Ilya and Stengers, Isabelle},
  year={1984},
  publisher={Bantam Books}
}

@book{Schutz1967,
  title={The Phenomenology of the Social World},
  author={Schutz, Alfred},
  year={1967},
  translator={George Walsh and Frederick Lehnert},
  publisher={Northwestern University Press}
}

@book{Searle1995,
  title={The Construction of Social Reality},
  author={Searle, John R.},
  year={1995},
  publisher={Free Press}
}