@book{lewis1986,
  author    = {Lewis, David K.},
  title     = {On the Plurality of Worlds},
  year      = {1986},
  publisher = {Blackwell},
  address   = {Oxford}
}

@book{kripke1980,
  author    = {Kripke, Saul A.},
  title     = {Naming and Necessity},
  year      = {1980},
  publisher = {Harvard University Press},
  address   = {Cambridge, MA},
  note      = {(Revised and enlarged edition of 1972 lectures)}
}

@article{godel1931,
  author  = {Gödel, Kurt},
  title   = {Über formal unentscheidbare Sätze der Principia Mathematica und verwandter Systeme I},
  journal = {Monatshefte für Mathematik und Physik},
  volume  = {38},
  number  = {1},
  pages   = {173--198},
  year    = {1931},
  doi     = {10.1007/BF01700692},
  note    = {(On Formally Undecidable Propositions of Principia Mathematica and Related Systems I)}
}

@book{penrose2004,
  author    = {Penrose, Roger},
  title     = {The Road to Reality: A Complete Guide to the Laws of the Universe},
  year      = {2004},
  publisher = {Jonathan Cape},
  address   = {London}
}

@book{bell1987,
  author    = {Bell, John S.},
  title     = {Speakable and Unspeakable in Quantum Mechanics},
  year      = {1987},
  publisher = {Cambridge University Press},
  address   = {Cambridge}
}

@article{everett1957,
  author  = {Everett, Hugh III},
  title   = {'Relative State' Formulation of Quantum Mechanics},
  journal = {Reviews of Modern Physics},
  volume  = {29},
  number  = {3},
  pages   = {454--462},
  year    = {1957},
  doi     = {10.1103/RevModPhys.29.454}
}

@book{deutsch1997,
  author    = {Deutsch, David},
  title     = {The Fabric of Reality},
  year      = {1997},
  publisher = {Penguin Books},
  address   = {London}
}

@book{hawking1973,
  author    = {Hawking, Stephen W. and Ellis, George F. R.},
  title     = {The Large Scale Structure of Space-Time},
  year      = {1973},
  publisher = {Cambridge University Press},
  address   = {Cambridge}
}

@book{rovelli2004,
  author    = {Rovelli, Carlo},
  title     = {Quantum Gravity},
  year      = {2004},
  publisher = {Cambridge University Press},
  address   = {Cambridge}
}

@book{lewis1973,
  author    = {Lewis, David K.},
  title     = {Counterfactuals},
  year      = {1973},
  publisher = {Harvard University Press},
  address   = {Cambridge, MA}
}

@article{novikov1990,
  author  = {Friedman, John and Morris, Michael S. and Novikov, Igor D. and Echeverria, Fernando and Klinkhammer, Gunnar and Thorne, Kip S. and Yurtsever, Ulvi},
  title   = {Cauchy problem in spacetimes with closed timelike curves},
  journal = {Physical Review D},
  volume  = {42},
  number  = {6},
  pages   = {1915--1930},
  year    = {1990},
  month   = {Sep},
  doi     = {10.1103/PhysRevD.42.1915},
  note    = {(Contains discussion related to Novikov self-consistency principle)}
}

@book{reichenbach1938,
  author    = {Reichenbach, Hans},
  title     = {Experience and Prediction: An Analysis of the Foundations and the Structure of Knowledge},
  year      = {1938},
  publisher = {University of Chicago Press},
  address   = {Chicago, IL}
}

@article{laudan1981,
  author  = {Laudan, Larry},
  title   = {A Confutation of Convergent Realism},
  journal = {Philosophy of Science},
  volume  = {48},
  number  = {1},
  pages   = {19--49},
  year    = {1981},
  doi     = {10.1086/288975}
}

@book{vanfraassen1980,
  author    = {van Fraassen, Bas C.},
  title     = {The Scientific Image},
  year      = {1980},
  publisher = {Clarendon Press},
  address   = {Oxford}
}

@article{putnam1975,
  author = {Putnam, Hilary},
  year = {1975},
  title = {What is Mathematical Truth?},
  journal = {Historia Mathematica},
  volume = {2},
  number = {4},
  pages = {529-533},
  note = {(Contains early versions of the 'no miracles' argument, often elaborated elsewhere)},
  doi = {10.1016/0315-0860(75)90116-0}
}

@booklet{wittgenstein1922,
  author = {Wittgenstein, Ludwig},
  title = {Tractatus Logico-Philosophicus},
  year = {1922},
  publisher = {Kegan Paul, Trench, Trubner & Co.},
  address = {London},
  note = {(Original German 1921, English translation by C. K. Ogden)}
}

@book{prigogine1984,
  author    = {Prigogine, Ilya and Stengers, Isabelle},
  title     = {Order out of Chaos: Man's New Dialogue with Nature},
  year      = {1984},
  publisher = {Bantam Books},
  address   = {New York}
}

@book{barrow1986,
  author    = {Barrow, John D. and Tipler, Frank J.},
  title     = {The Anthropic Cosmological Principle},
  year      = {1986},
  publisher = {Clarendon Press},
  address   = {Oxford}
}

@book{sober2015,
  author    = {Sober, Elliott},
  title     = {Ockham's Razors: A User's Manual},
  year      = {2015},
  publisher = {Cambridge University Press},
  address   = {Cambridge}
}

@book{price1996,
  author    = {Price, Huw},
  title     = {Time's Arrow and Archimedes' Point: New Directions for the Physics of Time},
  year      = {1996},
  publisher = {Oxford University Press},
  address   = {Oxford}
}

@book{Maturana1980,
  author    = {Maturana, Humberto R. and Varela, Francisco J.},
  year      = 1980,
  title     = {Autopoiesis and Cognition: The Realization of the Living},
  series    = {Boston Studies in the Philosophy of Science},
  volume    = {42},
  publisher = {D. Reidel Publishing Co.},
  address   = {Dordrecht; Boston},
  doi       = {10.1007/978-94-009-8947-4}
}

@article{laudan1990,
  author  = {Laudan, Larry and Leplin, Jarrett},
  title   = {Empirical Equivalence and Underdetermination},
  journal = {Journal of Philosophy},
  volume  = {88},
  number  = {9},
  pages   = {449--472},
  year    = {1990},
  doi     = {10.2307/2026601},
  note    = {Representative of discussions on underdetermination.}
}

@book{hume1748,
  author    = {Hume, David},
  title     = {An Enquiry Concerning Human Understanding},
  year      = {1748},
  publisher = {Printed for A. Millar},
  address   = {London}
}

@book{goodman1955,
  author    = {Goodman, Nelson},
  title     = {Fact, Fiction, and Forecast},
  year      = {1955},
  publisher = {Harvard University Press},
  address   = {Cambridge, MA}
}

@book{popper1959,
  author    = {Popper, Karl R.},
  title     = {The Logic of Scientific Discovery},
  year      = {1959},
  publisher = {Hutchinson},
  address   = {London}
}

@book{kuhn1962,
  author    = {Kuhn, Thomas S.},
  title     = {The Structure of Scientific Revolutions},
  year      = {1962},
  publisher = {University of Chicago Press},
  address   = {Chicago, IL}
}

@article{einstein1935,
  author  = {Einstein, Albert and Podolsky, Boris and Rosen, Nathan},
  title   = {Can Quantum-Mechanical Description of Physical Reality Be Considered Complete?},
  journal = {Physical Review},
  volume  = {47},
  number  = {10},
  pages   = {777--780},
  year    = {1935},
  doi     = {10.1103/PhysRev.47.777}
}

@article{dirac_renormalization,
  author  = {Dirac, P. A. M.},
  title   = {The Quantum Theory of the Electron},
  journal = {Proceedings of the Royal Society of London A: Mathematical, Physical and Engineering Sciences},
  volume  = {117},
  number  = {778},
  pages   = {610--624},
  year    = {1928},
  doi     = {10.1098/rspa.1928.0023}
}
