@misc{placeholder_ref,
  author = {Someone Relevant},
  title = {Some Relevant Work},
  year = {20XX},
  note = {Placeholder citation}
}

@misc{Occam1347,
  author = {William of Ockham},
  title = {Summa Totius Logicae (Conceptual Reference)},
  year = {c. 1323},
  note = {Principle of Parsimony reference}
}

@article{StandardModelRef,
  author = {{Particle Data Group}},
  title = {Review of Particle Physics},
  journal = {Prog. Theor. Exp. Phys.},
  volume = {2022},
  pages = {083C01},
  year = {2022},
  doi = {10.1093/ptep/ptac097}
}

@article{GRRef,
  author = {Einstein, Albert},
  title = {Die Grundlage der allgemeinen Relativit\"atstheorie},
  journal = {Annalen der Physik},
  volume = {354},
  number = {7},
  pages = {769--822},
  year = {1916},
  doi = {10.1002/andp.19163540702}
}

@article{StringTheoryCritique,
  author = {Woit, Peter},
  title = {String Theory: An Evaluation},
  journal = {arXiv:physics/0102051},
  year = {2001},
  eprint = {physics/0102051}
}

@misc{SupersymmetrySearches,
  author = {{ATLAS and CMS Collaborations}},
  title = {Combined searches for supersymmetry at the LHC},
  journal = {Various publications and conference proceedings},
  year = {2012-Present},
  note = {Representative citation for null results in SUSY searches}
}

@book{PenroseComplexity,
  author = {Penrose, Roger},
  title = {The Emperor's New Mind: Concerning Computers, Minds, and the Laws of Physics},
  year = {1989},
  publisher = {Oxford University Press},
  address = {Oxford}
}

@article{HubbleDataRef,
  author = {Perlmutter, S. and others},
  collaboration = {Supernova Cosmology Project},
  title = {Measurements of Omega and Lambda from 42 High-Redshift Supernovae},
  journal = {Astrophys. J.},
  volume = {517},
  number = {2},
  pages = {565--586},
  year = {1999},
  doi = {10.1086/307221},
  eprint = {astro-ph/9812133}
}